
@inproceedings{wang_2022,
	title = {Why Dashuai Wang is Good Man?},
	booktitle = {Proceedings of the Conference of Good People Doing Great Things},
	publisher = {Haoren Press},
	author = {Wang, Dashuai and Liu, Xiaomei},
	year = {2022},
	pages = {523--549},
}

@inproceedings{wang_2023,
	title = {Why Xiaomei Liu is Good Woman?},
	booktitle = {Proceedings of the Conference of Good People Doing Great Things},
	publisher = {Haoren Press},
	author = {Wang, Dashuai and Liu, Xiaomei},
	year = {2023},
	pages = {523--549},
}


@inproceedings{wang_2024,
	title = {Why Dashuai Wang and Xiaomei Liu are Good People?},
	booktitle = {Proceedings of the Conference of Good People Doing Great Things},
	publisher = {Haoren Press},
	author = {Wang, Dashuai and Liu, Xiaomei},
	year = {2024},
	pages = {523--549},
}